@article{arfken2005mathematical,
  title={Mathematical methods for physicists 6th ed.},
  author={Arfken, George B and Weber, Hans J},
  journal={Mathematical methods for physicists 6th ed. by George B. Arfken and Hans J. Weber. Published: Amsterdam; Boston: Elsevier},
  year={2005}
}

@book{copson2004asymptotic,
  title={Asymptotic expansions},
  author={Copson, Edward Thomas and Copson, Edward Thomas},
  number={55},
  year={2004},
  publisher={Cambridge university press}
}

@book{marsden1999basic,
  title={Basic complex analysis},
  author={Marsden, Jerrold E and Hoffman, Michael J},
  year={1999},
  publisher={Macmillan}
}

@book{stein2010complex,
  title={Complex analysis},
  author={Stein, Elias M and Shakarchi, Rami},
  volume={2},
  year={2010},
  publisher={Princeton University Press}
}

@article{charton2021linear,
  title={Linear algebra with transformers},
  author={Charton, Fran{\c{c}}ois},
  journal={arXiv preprint arXiv:2112.01898},
  year={2021}
}

@book{folland1999real,
  title={Real analysis: modern techniques and their applications},
  author={Folland, Gerald B},
  volume={40},
  year={1999},
  publisher={John Wiley \& Sons}
}


@article{du2022lossless,
  title={" Lossless" Compression of Deep Neural Networks: A High-dimensional Neural Tangent Kernel Approach},
  author={Du, Yongqi and Xie, Di and Pu, Shiliang and Qiu, Robert and Liao, Zhenyu and others},
  journal={Advances in Neural Information Processing Systems},
  volume={35},
  pages={3774--3787},
  year={2022}
}

@book{efron2021computer,
  title={Computer age statistical inference, student edition: algorithms, evidence, and data science},
  author={Efron, Bradley and Hastie, Trevor},
  volume={6},
  year={2021},
  publisher={Cambridge University Press}
}

@book{casella2021statistical,
  title={Statistical inference},
  author={Casella, George and Berger, Roger L},
  year={2021},
  publisher={Cengage Learning}
}

@book{bain1992introduction,
  title={Introduction to probability and mathematical statistics},
  author={Bain, Lee J and Engelhardt, Max},
  volume={4},
  year={1992},
  publisher={Duxbury Press Belmont, CA}
}

@article{vaswani2017attention,
  title={Attention is all you need},
  author={Vaswani, Ashish and Shazeer, Noam and Parmar, Niki and Uszkoreit, Jakob and Jones, Llion and Gomez, Aidan N and Kaiser, {\L}ukasz and Polosukhin, Illia},
  journal={Advances in neural information processing systems},
  volume={30},
  year={2017}
}

@book{vershynin2018high,
  title={High-dimensional probability: An introduction with applications in data science},
  author={Vershynin, Roman},
  volume={47},
  year={2018},
  publisher={Cambridge university press}
}

@article{carlip2005quantum,
  title={Quantum gravity in 2+ 1 dimensions: the case of a closed universe},
  author={Carlip, Steven},
  journal={Living Reviews in Relativity},
  volume={8},
  number={1},
  pages={1--63},
  year={2005},
  publisher={Springer}
}
@book {MR725161,
    AUTHOR = {Ahlfors, Lars V.},
     TITLE = {M\"{o}bius transformations in several dimensions},
    SERIES = {Ordway Professorship Lectures in Mathematics},
 PUBLISHER = {University of Minnesota, School of Mathematics, Minneapolis,
              Minn.},
      YEAR = {1981},
     PAGES = {ii+150},
   MRCLASS = {30C60 (20H10 30-02 30F40 51B10 53-01 58F17)},
  MRNUMBER = {725161},
MRREVIEWER = {Gaven J. Martin},
}
@book {MR4221225,
    AUTHOR = {Ratcliffe, John G.},
     TITLE = {Foundations of hyperbolic manifolds},
    SERIES = {Graduate Texts in Mathematics},
    VOLUME = {149},
      NOTE = {Third edition [of  1299730]},
 PUBLISHER = {Springer, Cham},
      YEAR = {[2019] \copyright 2019},
     PAGES = {xii+800},
      ISBN = {978-3-030-31597-9; 978-3-030-31596-2},
   MRCLASS = {57M50 (20H10 30F40 57K32)},
  MRNUMBER = {4221225},
       DOI = {10.1007/978-3-030-31597-9},
       URL = {https://doi.org/10.1007/978-3-030-31597-9},
}
@book{carlipMR1637718,
    AUTHOR = {Carlip, Steven},
     TITLE = {Quantum gravity in {$2+1$} dimensions},
    SERIES = {Cambridge Monographs on Mathematical Physics},
 PUBLISHER = {Cambridge University Press, Cambridge},
      YEAR = {1998},
     PAGES = {xiv+276},
      ISBN = {0-521-56408-5},
   MRCLASS = {83C45 (83-02)},
  MRNUMBER = {1637718},
MRREVIEWER = {Viqar Husain},
       DOI = {10.1017/CBO9780511564192},
       URL = {https://doi.org/10.1017/CBO9780511564192},
}

@article{sullivan1979density,
  AUTHOR = {Sullivan, Dennis},
     TITLE = {The density at infinity of a discrete group of hyperbolic
              motions},
   JOURNAL = {Inst. Hautes \'{E}tudes Sci. Publ. Math.},
  FJOURNAL = {Institut des Hautes \'{E}tudes Scientifiques. Publications
              Math\'{e}matiques},
    NUMBER = {50},
      YEAR = {1979},
     PAGES = {171--202},
      ISSN = {0073-8301},
   MRCLASS = {58F17 (22E40 28C10 30C85)},
  MRNUMBER = {556586},
MRREVIEWER = {Troels J\o rgensen},
       URL = {http://www.numdam.org/item?id=PMIHES_1979__50__171_0},
}

@article{bishop1997hausdorff,
  AUTHOR = {Bishop, Christopher J. and Jones, Peter W.},
     TITLE = {Hausdorff dimension and {K}leinian groups},
   JOURNAL = {Acta Math.},
  FJOURNAL = {Acta Mathematica},
    VOLUME = {179},
      YEAR = {1997},
    NUMBER = {1},
     PAGES = {1--39},
      ISSN = {0001-5962},
   MRCLASS = {22E40 (30F40)},
  MRNUMBER = {1484767},
MRREVIEWER = {Bernd O. Stratmann},
       DOI = {10.1007/BF02392718},
       URL = {https://doi.org/10.1007/BF02392718},
}
@article{huber1959analytischen,
  AUTHOR = {Huber, Heinz},
     TITLE = {Zur analytischen {T}heorie hyperbolischen {R}aumformen und
              {B}ewegungsgruppen},
   JOURNAL = {Math. Ann.},
  FJOURNAL = {Mathematische Annalen},
    VOLUME = {138},
      YEAR = {1959},
     PAGES = {1--26},
      ISSN = {0025-5831},
   MRCLASS = {30.00},
  MRNUMBER = {109212},
MRREVIEWER = {J. Lehner},
       DOI = {10.1007/BF01369663},
       URL = {https://doi.org/10.1007/BF01369663},
}
@article{mckean1972selberg,
  AUTHOR = {McKean, H. P.},
     TITLE = {Selberg's trace formula as applied to a compact {R}iemann
              surface},
   JOURNAL = {Comm. Pure Appl. Math.},
  FJOURNAL = {Communications on Pure and Applied Mathematics},
    VOLUME = {25},
      YEAR = {1972},
     PAGES = {225--246},
      ISSN = {0010-3640},
   MRCLASS = {30A58 (10D15)},
  MRNUMBER = {473166},
MRREVIEWER = {A. M. Macbeath},
       DOI = {10.1002/cpa.3160250302},
       URL = {https://doi.org/10.1002/cpa.3160250302},
}
@article {MR473167,
    AUTHOR = {McKean, H. P.},
     TITLE = {Correction to: ``{S}elberg's trace formula as applied to a
              compact {R}iemann surface'' ({C}omm. {P}ure {A}ppl. {M}ath.
              {\bf 25} (1972), 225--246)},
   JOURNAL = {Comm. Pure Appl. Math.},
  FJOURNAL = {Communications on Pure and Applied Mathematics},
    VOLUME = {27},
      YEAR = {1974},
     PAGES = {134},
      ISSN = {0010-3640},
   MRCLASS = {30A58 (10D15)},
  MRNUMBER = {473167},
MRREVIEWER = {A. M. Macbeath},
       DOI = {10.1002/cpa.3160270109},
       URL = {https://doi.org/10.1002/cpa.3160270109},
}
@article{mcmullen1998hausdorff,
  AUTHOR = {McMullen, Curtis T.},
     TITLE = {Hausdorff dimension and conformal dynamics. {III}.
              {C}omputation of dimension},
   JOURNAL = {Amer. J. Math.},
  FJOURNAL = {American Journal of Mathematics},
    VOLUME = {120},
      YEAR = {1998},
    NUMBER = {4},
     PAGES = {691--721},
      ISSN = {0002-9327},
   MRCLASS = {37F35 (30C10 30F35 30F40)},
  MRNUMBER = {1637951},
MRREVIEWER = {Athanase Papadopoulos},
       URL =
              {http://muse.jhu.edu/journals/american_journal_of_mathematics/v120/120.4mcmullen.pdf},
}
@mastersthesis{chuang2022hausdorff,
  title={The Hausdorff Dimension of Limit Sets of Well-distributed Schottky Groups},
  author={Chuang, William Huanshan},
  year={2022},
  school={San Francisco State University}
}
@book{borthwick2007spectral,
  AUTHOR = {Borthwick, David},
     TITLE = {Spectral theory of infinite-area hyperbolic surfaces},
    SERIES = {Progress in Mathematics},
    VOLUME = {318},
   EDITION = {Second},
 PUBLISHER = {Birkh\"{a}user/Springer, [Cham]},
      YEAR = {2016},
     PAGES = {xiii+463},
      ISBN = {978-3-319-33875-0; 978-3-319-33877-4},
   MRCLASS = {58J50 (11F72 30F35 35B34 47A40 47F05)},
  MRNUMBER = {3497464},
MRREVIEWER = {Semyon Dyatlov},
       DOI = {10.1007/978-3-319-33877-4},
       URL = {https://doi.org/10.1007/978-3-319-33877-4},
}

@book{jameson2003prime,
  AUTHOR = {Jameson, G. J. O.},
     TITLE = {The prime number theorem},
    SERIES = {London Mathematical Society Student Texts},
    VOLUME = {53},
 PUBLISHER = {Cambridge University Press, Cambridge},
      YEAR = {2003},
     PAGES = {x+252},
      ISBN = {0-521-81411-1; 0-521-89110-8},
   MRCLASS = {11-02 (11M06 11N05)},
  MRNUMBER = {1976226},
MRREVIEWER = {D. R. Heath-Brown},
       DOI = {10.1017/CBO9781139164986},
       URL = {https://doi.org/10.1017/CBO9781139164986},
}

@book{dal2010geodesic,
  AUTHOR = {Dal'Bo, Fran\c{c}oise},
     TITLE = {Geodesic and horocyclic trajectories},
    SERIES = {Universitext},
      NOTE = {Translated from the 2007 French original},
 PUBLISHER = {Springer-Verlag London, Ltd., London; EDP Sciences, Les Ulis},
      YEAR = {2011},
     PAGES = {xii+176},
      ISBN = {978-0-85729-072-4},
   MRCLASS = {37D40 (30F35 37F15 53D25)},
  MRNUMBER = {2766419},
       DOI = {10.1007/978-0-85729-073-1},
       URL = {https://doi.org/10.1007/978-0-85729-073-1},
}
@article{patterson1987lectures,
  AUTHOR = {Patterson, S. J.},
     TITLE = {Lectures on measures on limit sets of {K}leinian groups},
 BOOKTITLE = {Analytical and geometric aspects of hyperbolic space
              ({C}oventry/{D}urham, 1984)},
    SERIES = {London Math. Soc. Lecture Note Ser.},
    VOLUME = {111},
     PAGES = {281--323},
 PUBLISHER = {Cambridge Univ. Press, Cambridge},
      YEAR = {1987},
   MRCLASS = {58F11 (22D40 22E40 30F40 54F50 58F17)},
  MRNUMBER = {903855},
MRREVIEWER = {Caroline Series},
}
@article{patterson1988lattice,
  AUTHOR = {Patterson, S. J.},
     TITLE = {On a lattice-point problem in hyperbolic space and related
              questions in spectral theory},
   JOURNAL = {Ark. Mat.},
  FJOURNAL = {Arkiv f\"{o}r Matematik},
    VOLUME = {26},
      YEAR = {1988},
    NUMBER = {1},
     PAGES = {167--172},
      ISSN = {0004-2080},
   MRCLASS = {11P21 (58G25)},
  MRNUMBER = {948288},
MRREVIEWER = {Ekkehard Kr\"{a}tzel},
       DOI = {10.1007/BF02386116},
       URL = {https://doi.org/10.1007/BF02386116},
}
@article {MR1138441,
    AUTHOR = {Kapovich, M. \`E. and Potyaga\u{\i}lo, L. D.},
     TITLE = {On the absence of finiteness theorems of {A}hlfors and
              {S}ullivan for {K}leinian groups in higher dimensions},
   JOURNAL = {Sibirsk. Mat. Zh.},
  FJOURNAL = {Akademiya Nauk SSSR. Sibirskoe Otdelenie. Sibirski\u{\i}
              Matematicheski\u{\i} Zhurnal},
    VOLUME = {32},
      YEAR = {1991},
    NUMBER = {2},
     PAGES = {61--73, 212},
      ISSN = {0037-4474},
   MRCLASS = {30F40 (20F34 20H10 53A30 57S30)},
  MRNUMBER = {1138441},
MRREVIEWER = {V. V. Chueshev},
       DOI = {10.1007/BF00972769},
       URL = {https://doi.org/10.1007/BF00972769},
}
@incollection {MR2402415,
    AUTHOR = {Kapovich, Michael},
     TITLE = {Kleinian groups in higher dimensions},
 BOOKTITLE = {Geometry and dynamics of groups and spaces},
    SERIES = {Progr. Math.},
    VOLUME = {265},
     PAGES = {487--564},
 PUBLISHER = {Birkh\"{a}user, Basel},
      YEAR = {2008},
   MRCLASS = {30F40 (20F67 57N16)},
  MRNUMBER = {2402415},
MRREVIEWER = {Michel Coornaert},
       DOI = {10.1007/978-3-7643-8608-5\_13},
       URL = {https://doi.org/10.1007/978-3-7643-8608-5_13},
}
@article {MR1893917,
    AUTHOR = {Seade, Jos\'{e} and Verjovsky, Alberto},
     TITLE = {Higher dimensional complex {K}leinian groups},
   JOURNAL = {Math. Ann.},
  FJOURNAL = {Mathematische Annalen},
    VOLUME = {322},
      YEAR = {2002},
    NUMBER = {2},
     PAGES = {279--300},
      ISSN = {0025-5831},
   MRCLASS = {32M05 (20H10 30F40 32H50 32J18 32L25)},
  MRNUMBER = {1893917},
MRREVIEWER = {Dan Coman},
       DOI = {10.1007/s002080100247},
       URL = {https://doi.org/10.1007/s002080100247},
}
@book {MR2985759,
    AUTHOR = {Cano, Angel and Navarrete, Juan Pablo and Seade, Jos\'{e}},
     TITLE = {Complex {K}leinian groups},
    SERIES = {Progress in Mathematics},
    VOLUME = {303},
 PUBLISHER = {Birkh\"{a}user/Springer Basel AG, Basel},
      YEAR = {2013},
     PAGES = {xx+271},
      ISBN = {978-3-0348-0480-6; 978-3-0348-0481-3},
   MRCLASS = {20H10 (30-02 30F40)},
  MRNUMBER = {2985759},
MRREVIEWER = {John R. Parker},
       DOI = {10.1007/978-3-0348-0481-3},
       URL = {https://doi.org/10.1007/978-3-0348-0481-3},
}
@incollection {MR2040008,
    AUTHOR = {Seade, Jos\'{e} and Verjovsky, Alberto},
     TITLE = {Complex {S}chottky groups},
      NOTE = {Geometric methods in dynamics. II},
   JOURNAL = {Ast\'{e}risque},
  FJOURNAL = {Ast\'{e}risque},
    NUMBER = {287},
      YEAR = {2003},
     PAGES = {xx, 251--272},
      ISSN = {0303-1179},
   MRCLASS = {20H10 (30F35 30F40 37F30)},
  MRNUMBER = {2040008},
MRREVIEWER = {Jane Gilman},
}
@article {MR945013,
    AUTHOR = {Doyle, Peter G.},
     TITLE = {On the bass note of a {S}chottky group},
   JOURNAL = {Acta Math.},
  FJOURNAL = {Acta Mathematica},
    VOLUME = {160},
      YEAR = {1988},
    NUMBER = {3-4},
     PAGES = {249--284},
      ISSN = {0001-5962},
   MRCLASS = {30F40 (11F72 20H10 57M10 58G25)},
  MRNUMBER = {945013},
MRREVIEWER = {William Harvey},
       DOI = {10.1007/BF02392277},
       URL = {https://doi.org/10.1007/BF02392277},
}
@book{beardon2012geometry,
  AUTHOR = {Beardon, Alan F.},
     TITLE = {The geometry of discrete groups},
    SERIES = {Graduate Texts in Mathematics},
    VOLUME = {91},
      NOTE = {Corrected reprint of the 1983 original},
 PUBLISHER = {Springer-Verlag, New York},
      YEAR = {1995},
     PAGES = {xii+337},
      ISBN = {0-387-90788-2},
   MRCLASS = {22E40 (11F06 20H15 30F35 57N10)},
  MRNUMBER = {1393195},
}
@article{beardon1968exponent,
  AUTHOR = {Beardon, Alan F.},
     TITLE = {The exponent of convergence of {P}oincar\'{e} series},
   JOURNAL = {Proc. London Math. Soc. (3)},
  FJOURNAL = {Proceedings of the London Mathematical Society. Third Series},
    VOLUME = {18},
      YEAR = {1968},
     PAGES = {461--483},
      ISSN = {0024-6115},
   MRCLASS = {30.49},
  MRNUMBER = {227402},
MRREVIEWER = {C. Earle},
       DOI = {10.1112/plms/s3-18.3.461},
       URL = {https://doi.org/10.1112/plms/s3-18.3.461},
}
@article{beardon1971inequalities,
AUTHOR = {Beardon, Alan F.},
     TITLE = {Inequalities for certain {F}uchsian groups},
   JOURNAL = {Acta Math.},
  FJOURNAL = {Acta Mathematica},
    VOLUME = {127},
      YEAR = {1971},
     PAGES = {221--258},
      ISSN = {0001-5962},
   MRCLASS = {30.49 (10.00)},
  MRNUMBER = {286996},
MRREVIEWER = {B. Maskit},
       DOI = {10.1007/BF02392054},
       URL = {https://doi.org/10.1007/BF02392054},
}
@article {MR286996,
title={Inequalities for certain Fuchsian groups},
  author={Beardon, Alan F},
  year={1971}
}
@article{patterson1976limit,
  AUTHOR = {Patterson, S. J.},
     TITLE = {The limit set of a {F}uchsian group},
   JOURNAL = {Acta Math.},
  FJOURNAL = {Acta Mathematica},
    VOLUME = {136},
      YEAR = {1976},
    NUMBER = {3-4},
     PAGES = {241--273},
      ISSN = {0001-5962},
   MRCLASS = {30A58 (10D10 20H10)},
  MRNUMBER = {450547},
MRREVIEWER = {B. Maskit},
       DOI = {10.1007/BF02392046},
       URL = {https://doi.org/10.1007/BF02392046},
}

@article{sullivan1982discrete,
AUTHOR = {Sullivan, Dennis},
     TITLE = {Discrete conformal groups and measurable dynamics},
   JOURNAL = {Bull. Amer. Math. Soc. (N.S.)},
  FJOURNAL = {American Mathematical Society. Bulletin. New Series},
    VOLUME = {6},
      YEAR = {1982},
    NUMBER = {1},
     PAGES = {57--73},
      ISSN = {0273-0979},
   MRCLASS = {58F17 (22E40 58F11)},
  MRNUMBER = {634434},
MRREVIEWER = {M. Rees},
       DOI = {10.1090/S0273-0979-1982-14966-7},
       URL = {https://doi.org/10.1090/S0273-0979-1982-14966-7},
}
@article{sullivan1984entropy,
AUTHOR = {Sullivan, Dennis},
     TITLE = {Entropy, {H}ausdorff measures old and new, and limit sets of
              geometrically finite {K}leinian groups},
   JOURNAL = {Acta Math.},
  FJOURNAL = {Acta Mathematica},
    VOLUME = {153},
      YEAR = {1984},
    NUMBER = {3-4},
     PAGES = {259--277},
      ISSN = {0001-5962},
   MRCLASS = {58F11 (28D99 30F40)},
  MRNUMBER = {766265},
MRREVIEWER = {Caroline Series},
       DOI = {10.1007/BF02392379},
       URL = {https://doi.org/10.1007/BF02392379},
       
  
}
@article {MR1626257,
    AUTHOR = {Bourgain, J.},
     TITLE = {Global wellposedness of defocusing critical nonlinear
              {S}chr\"{o}dinger equation in the radial case},
   JOURNAL = {J. Amer. Math. Soc.},
  FJOURNAL = {Journal of the American Mathematical Society},
    VOLUME = {12},
      YEAR = {1999},
    NUMBER = {1},
     PAGES = {145--171},
      ISSN = {0894-0347},
   MRCLASS = {35Q55},
  MRNUMBER = {1626257},
MRREVIEWER = {Tohru Ozawa},
       DOI = {10.1090/S0894-0347-99-00283-0},
       URL = {https://doi.org/10.1090/S0894-0347-99-00283-0},
}
@article {MR2810797,
    AUTHOR = {Erd\H{o}s, L\'{a}szl\'{o} and Schlein, Benjamin and Yau, Horng-Tzer},
     TITLE = {Universality of random matrices and local relaxation flow},
   JOURNAL = {Invent. Math.},
  FJOURNAL = {Inventiones Mathematicae},
    VOLUME = {185},
      YEAR = {2011},
    NUMBER = {1},
     PAGES = {75--119},
      ISSN = {0020-9910},
   MRCLASS = {60B20},
  MRNUMBER = {2810797},
MRREVIEWER = {Anna Lytova},
       DOI = {10.1007/s00222-010-0302-7},
       URL = {https://doi.org/10.1007/s00222-010-0302-7},
}
@article {MR1260363,
    AUTHOR = {Csordas, George and Smith, Wayne and Varga, Richard S.},
     TITLE = {Lehmer pairs of zeros, the de {B}ruijn-{N}ewman constant
              {$\Lambda$}, and the {R}iemann hypothesis},
   JOURNAL = {Constr. Approx.},
  FJOURNAL = {Constructive Approximation. An International Journal for
              Approximations and Expansions},
    VOLUME = {10},
      YEAR = {1994},
    NUMBER = {1},
     PAGES = {107--129},
      ISSN = {0176-4276},
   MRCLASS = {30D10 (30D15)},
  MRNUMBER = {1260363},
MRREVIEWER = {Timothy S. Norfolk},
       DOI = {10.1007/BF01205170},
       URL = {https://doi.org/10.1007/BF01205170},
}
		
@article {MR766265,
title={Entropy, Hausdorff measures old and new, and limit sets of geometrically finite Kleinian groups},
  author={Sullivan, Dennis},
  year={1984}
    
}
	
@inproceedings{rodgers2020bruijn,
  AUTHOR = {Rodgers, Brad and Tao, Terence},
     TITLE = {The de {B}ruijn--{N}ewman constant is non-negative},
   JOURNAL = {Forum Math. Pi},
  FJOURNAL = {Forum of Mathematics. Pi},
    VOLUME = {8},
      YEAR = {2020},
     PAGES = {e6, 62},
   MRCLASS = {11M06},
  MRNUMBER = {4089393},
MRREVIEWER = {Timothy S. Trudgian},
       DOI = {10.1017/fmp.2020.6},
       URL = {https://doi.org/10.1017/fmp.2020.6},
}
@article{de1950roots,
  AUTHOR = {de Bruijn, N. G.},
     TITLE = {The roots of trigonometric integrals},
   JOURNAL = {Duke Math. J.},
  FJOURNAL = {Duke Mathematical Journal},
    VOLUME = {17},
      YEAR = {1950},
     PAGES = {197--226},
      ISSN = {0012-7094},
   MRCLASS = {30.0X},
  MRNUMBER = {37351},
MRREVIEWER = {J. Korevaar},
       URL = {http://projecteuclid.org/euclid.dmj/1077476111},
}
@article{newman1976fourier,
  AUTHOR = {Newman, Charles M.},
     TITLE = {Fourier transforms with only real zeros},
   JOURNAL = {Proc. Amer. Math. Soc.},
  FJOURNAL = {Proceedings of the American Mathematical Society},
    VOLUME = {61},
      YEAR = {1976},
    NUMBER = {2},
     PAGES = {245--251 (1977)},
      ISSN = {0002-9939},
   MRCLASS = {10H05 (42A68)},
  MRNUMBER = {434982},
MRREVIEWER = {T. M. Apostol},
       DOI = {10.2307/2041319},
       URL = {https://doi.org/10.2307/2041319},
}

@article{polya1927trigonometrische,
  AUTHOR = {P\'{o}lya, G.},
     TITLE = {\"{U}ber trigonometrische {I}ntegrale mit nur reellen
              {N}ullstellen},
   JOURNAL = {J. Reine Angew. Math.},
  FJOURNAL = {Journal f\"{u}r die Reine und Angewandte Mathematik. [Crelle's
              Journal]},
    VOLUME = {158},
      YEAR = {1927},
     PAGES = {6--18},
      ISSN = {0075-4102},
   MRCLASS = {DML},
  MRNUMBER = {1581126},
       DOI = {10.1515/crll.1927.158.6},
       URL = {https://doi.org/10.1515/crll.1927.158.6},
}